@article{harris,
  author = {Chris Harris y Mike Stephens},
  year = {1988},
  title = {A combined corner and edge detector},
  journal = { The Plessey Company pic. },
}
@article{sift,
  author = {David G. Lowe},
  year = {2004},
  title = {Distinctive Image Features from Scale-Invariant Keypoints},
  journal = {Computer Science Department, University of British Columbia},
}
@article{surf,
  author = {Herbert BayTinne TuytelaarsLuc y Gool},
  year = {2006},
  title = {SURF: Speeded Up Robust Features},
  journal = {European Conference on Computer Vision},
}
@article{orb,
  author = {Ethan Rublee, Vincent Rabaud, Kurt Konolige y Gary Bradski},
  year = {2011},
  title = {ORB: an efficient alternative to SIFT or SURF},
  journal = {International Conference on Computer Vision},
}
@article{kaze,
  author = {Pablo Fernandez Alcantarilla, Adrien Bartoli, y Andrew J. Davison},
  year = {2012},
  title = {KAZE Features},
  journal = {European Conference on Computer Vision},
}
@article{akaze,
  author = {Pablo Fern√°ndez Alcantarilla},
  year = {2015},
  title = {Fast Explicit Diffusion for Accelerated Features in Nonlinear Scale Spaces},
  journal = {British Machine Vision Conference (BMVC)},
}